<?xml version="1.0" encoding="UTF-8"?>
  <record xmlns="http://www.loc.gov/MARC21/slim" type="Authority">
    <leader>00000nz  a2200000nc 4500</leader>
    <controlfield tag="001">102540489</controlfield>
    <controlfield tag="003">DE-101</controlfield>
    <controlfield tag="005">20191210083744.0</controlfield>
    <controlfield tag="008">940914n||azznnaabn           | aaa    |c</controlfield>
    <datafield tag="024" ind1="7" ind2=" ">
      <subfield code="a">102540489</subfield>
      <subfield code="0">http://d-nb.info/gnd/102540489</subfield>
      <subfield code="2">gnd</subfield>
    </datafield>
    <datafield tag="035" ind1=" " ind2=" ">
      <subfield code="a">(DE-101)102540489</subfield>
    </datafield>
    <datafield tag="035" ind1=" " ind2=" ">
      <subfield code="a">(DE-588)102540489</subfield>
    </datafield>
    <datafield tag="035" ind1=" " ind2=" ">
      <subfield code="z">(DE-588a)102540489</subfield>
      <subfield code="9">v:zg</subfield>
    </datafield>
    <datafield tag="035" ind1=" " ind2=" ">
      <subfield code="z">(DE-588c)7683253-3</subfield>
      <subfield code="9">v:zg</subfield>
    </datafield>
    <datafield tag="040" ind1=" " ind2=" ">
      <subfield code="a">DE-12</subfield>
      <subfield code="c">DE-12</subfield>
      <subfield code="9">r:DE-12</subfield>
      <subfield code="b">ger</subfield>
      <subfield code="d">8999</subfield>
    </datafield>
    <datafield tag="042" ind1=" " ind2=" ">
      <subfield code="a">gnd1</subfield>
    </datafield>
    <datafield tag="043" ind1=" " ind2=" ">
      <subfield code="c">XA-IT</subfield>
      <subfield code="c">XY</subfield>
    </datafield>
    <datafield tag="065" ind1=" " ind2=" ">
      <subfield code="a">3.1p</subfield>
      <subfield code="2">sswd</subfield>
    </datafield>
    <datafield tag="075" ind1=" " ind2=" ">
      <subfield code="b">p</subfield>
      <subfield code="2">gndgen</subfield>
    </datafield>
    <datafield tag="075" ind1=" " ind2=" ">
      <subfield code="b">piz</subfield>
      <subfield code="2">gndspec</subfield>
    </datafield>
    <datafield tag="079" ind1=" " ind2=" ">
      <subfield code="a">g</subfield>
      <subfield code="q">f</subfield>
      <subfield code="q">e</subfield>
      <subfield code="q">n</subfield>
      <subfield code="q">s</subfield>
    </datafield>
    <datafield tag="100" ind1="0" ind2=" ">
      <subfield code="a">Yeshaʿyah ben-Eliyahu</subfield>
      <subfield code="c">mi-Ṭrani, ha-Aḥaron</subfield>
      <subfield code="d">ca. 13./14. Jh.</subfield>
    </datafield>
    <datafield tag="400" ind1="0" ind2=" ">
      <subfield code="a">Yešaʿyā</subfield>
      <subfield code="c">di Ṭranî, der Jüngere</subfield>
      <subfield code="d">ca. 13./14. Jh.</subfield>
    </datafield>
    <datafield tag="400" ind1="0" ind2=" ">
      <subfield code="a">Isaiah ben Elijah</subfield>
      <subfield code="c">di Trani</subfield>
      <subfield code="d">ca. 13./14. Jh.</subfield>
      <subfield code="9">v:LCAuth, Enc. Judaica</subfield>
    </datafield>
    <datafield tag="400" ind1="0" ind2=" ">
      <subfield code="a">Yeshaʿyah ben Eliyahu</subfield>
      <subfield code="d">ca. 13./14. Jh.</subfield>
    </datafield>
    <datafield tag="400" ind1="0" ind2=" ">
      <subfield code="a">Yešaʿyā Ben-Ēliyyāhû</subfield>
      <subfield code="d">ca. 13./14. Jh.</subfield>
    </datafield>
    <datafield tag="400" ind1="0" ind2=" ">
      <subfield code="a">Yešaʿyā Ben-Ēljjāhû</subfield>
      <subfield code="d">ca. 13./14. Jh.</subfield>
    </datafield>
    <datafield tag="400" ind1="0" ind2=" ">
      <subfield code="a">Yeshaʿyah ben Eliyahu di Trani</subfield>
      <subfield code="d">ca. 13./14. Jh.</subfield>
    </datafield>
    <datafield tag="400" ind1="1" ind2=" ">
      <subfield code="a">Trani, Yeshaʿyah &#152;di&#156;</subfield>
      <subfield code="d">ca. 13./14. Jh.</subfield>
    </datafield>
    <datafield tag="400" ind1="1" ind2=" ">
      <subfield code="a">Ṭranî, Yešaʿyā &#152;di&#156;</subfield>
      <subfield code="c">der Jüngere</subfield>
      <subfield code="d">ca. 13./14. Jh.</subfield>
    </datafield>
    <datafield tag="400" ind1="1" ind2=" ">
      <subfield code="a">Trani, Isaiah ben Elijah &#152;di&#156;</subfield>
      <subfield code="d">ca. 13./14. Jh.</subfield>
    </datafield>
    <datafield tag="400" ind1="1" ind2=" ">
      <subfield code="a">Trani, Yeshaʿyah ben Eliyahu &#152;di&#156;</subfield>
      <subfield code="d">ca. 13./14. Jh.</subfield>
    </datafield>
    <datafield tag="400" ind1="1" ind2=" ">
      <subfield code="a">Yeshaʿyah, Aḥaron</subfield>
      <subfield code="d">ca. 13./14. Jh.</subfield>
    </datafield>
    <datafield tag="400" ind1="1" ind2=" ">
      <subfield code="a">Yešaʿyā, Aḥaron</subfield>
      <subfield code="d">ca. 13./14. Jh.</subfield>
    </datafield>
    <datafield tag="400" ind1="0" ind2=" ">
      <subfield code="a">Yeshaʿyah</subfield>
      <subfield code="c">Aḥaron</subfield>
      <subfield code="d">ca. 13./14. Jh.</subfield>
    </datafield>
    <datafield tag="400" ind1="0" ind2=" ">
      <subfield code="a">Yeshaʿyah aḥaron</subfield>
      <subfield code="d">ca. 13./14. Jh.</subfield>
    </datafield>
    <datafield tag="400" ind1="0" ind2=" ">
      <subfield code="a">Yešaʿyā aḥaron</subfield>
      <subfield code="d">ca. 13./14. Jh.</subfield>
    </datafield>
    <datafield tag="400" ind1="0" ind2=" ">
      <subfield code="a">Jesaja ben Elia</subfield>
      <subfield code="c">di Trani</subfield>
      <subfield code="d">ca. 13./14. Jh.</subfield>
      <subfield code="9">v:Jüd. Lex.</subfield>
    </datafield>
    <datafield tag="400" ind1="0" ind2=" ">
      <subfield code="a">Jesaja ben Elijahu</subfield>
      <subfield code="c">di Trani, der Jüngere</subfield>
      <subfield code="d">ca. 13./14. Jh.</subfield>
      <subfield code="9">v:Enc. Judaica (dt. Ausg.)</subfield>
    </datafield>
    <datafield tag="400" ind1="0" ind2=" ">
      <subfield code="a">Isaias</subfield>
      <subfield code="c">Tranensis</subfield>
      <subfield code="d">ca. 13./14. Jh.</subfield>
    </datafield>
    <datafield tag="400" ind1="0" ind2=" ">
      <subfield code="a">Yešaʿyā</subfield>
      <subfield code="c">der Jüngere</subfield>
      <subfield code="d">ca. 13./14. Jh.</subfield>
    </datafield>
    <datafield tag="400" ind1="0" ind2=" ">
      <subfield code="a">Yeshaʿyah</subfield>
      <subfield code="c">di Trani, der Jüngere</subfield>
      <subfield code="d">ca. 13./14. Jh.</subfield>
    </datafield>
    <datafield tag="400" ind1="0" ind2=" ">
      <subfield code="a">Isaiah</subfield>
      <subfield code="c">di Trani, der Jüngere</subfield>
      <subfield code="d">ca. 13./14. Jh.</subfield>
    </datafield>
    <datafield tag="400" ind1="0" ind2=" ">
      <subfield code="a">Isaiah</subfield>
      <subfield code="c">of Trani, the Younger</subfield>
      <subfield code="d">ca. 13./14. Jh.</subfield>
    </datafield>
    <datafield tag="400" ind1="0" ind2=" ">
      <subfield code="a">Riʾaz</subfield>
      <subfield code="d">ca. 13./14. Jh.</subfield>
    </datafield>
    <datafield tag="400" ind1="0" ind2=" ">
      <subfield code="a">Hariaz</subfield>
      <subfield code="d">ca. 13./14. Jh.</subfield>
    </datafield>
    <datafield tag="400" ind1="0" ind2=" ">
      <subfield code="a">ha-Riʾaz</subfield>
      <subfield code="d">ca. 13./14. Jh.</subfield>
    </datafield>
    <datafield tag="400" ind1="0" ind2=" ">
      <subfield code="a">Rias</subfield>
      <subfield code="d">ca. 13./14. Jh.</subfield>
    </datafield>
    <datafield tag="400" ind1="0" ind2=" ">
      <subfield code="a">Riba</subfield>
      <subfield code="d">ca. 13./14. Jh.</subfield>
    </datafield>
    <datafield tag="400" ind1="0" ind2=" ">
      <subfield code="a">Rabbi Jesaja ben Elia</subfield>
      <subfield code="d">ca. 13./14. Jh.</subfield>
    </datafield>
    <datafield tag="400" ind1="0" ind2=" ">
      <subfield code="a">Rabbi Jesaija Acharon Sal</subfield>
      <subfield code="d">ca. 13./14. Jh.</subfield>
    </datafield>
    <datafield tag="400" ind1="0" ind2=" ">
      <subfield code="a">Rabenu Yeshaʿyah Aḥaron</subfield>
      <subfield code="d">ca. 13./14. Jh.</subfield>
    </datafield>
    <datafield tag="400" ind1="0" ind2=" ">
      <subfield code="a">Rabenu Yešaʿyā Aḥarōn</subfield>
      <subfield code="d">ca. 13./14. Jh.</subfield>
    </datafield>
    <datafield tag="400" ind1="0" ind2=" ">
      <subfield code="9">U:Hebr</subfield>
      <subfield code="a">ריא״ז</subfield>
      <subfield code="d">ca. 13./14. Jh.</subfield>
    </datafield>
    <datafield tag="400" ind1="0" ind2=" ">
      <subfield code="9">U:Hebr</subfield>
      <subfield code="a">ריאז</subfield>
      <subfield code="d">ca. 13./14. Jh.</subfield>
    </datafield>
    <datafield tag="400" ind1="0" ind2=" ">
      <subfield code="9">U:Hebr</subfield>
      <subfield code="a">ישעיה בן אליהו</subfield>
      <subfield code="c">די טרני</subfield>
      <subfield code="d">ca. 13./14. Jh.</subfield>
    </datafield>
    <datafield tag="400" ind1="0" ind2=" ">
      <subfield code="9">U:Hebr</subfield>
      <subfield code="a">רבינו ישעיה אהרן</subfield>
      <subfield code="d">ca. 13./14. Jh.</subfield>
    </datafield>
    <datafield tag="400" ind1="0" ind2=" ">
      <subfield code="9">U:Hebr</subfield>
      <subfield code="a">רבינו ישעיה</subfield>
      <subfield code="d">ca. 13./14. Jh.</subfield>
    </datafield>
    <datafield tag="500" ind1="0" ind2=" ">
      <subfield code="0">(DE-101)100966721</subfield>
      <subfield code="0">(DE-588)100966721</subfield>
      <subfield code="0">https://d-nb.info/gnd/100966721</subfield>
      <subfield code="a">Yeshaʿyah ben-Mali</subfield>
      <subfield code="c">mi-Ṭrani, ha-Zaḳen</subfield>
      <subfield code="d">1200-1272</subfield>
      <subfield code="4">bezf</subfield>
      <subfield code="4">https://d-nb.info/standards/elementset/gnd#familialRelationship</subfield>
      <subfield code="w">r</subfield>
      <subfield code="i">Beziehung familiaer</subfield>
      <subfield code="e">Beziehung familiaer</subfield>
      <subfield code="9">v:Großvater</subfield>
    </datafield>
    <datafield tag="548" ind1=" " ind2=" ">
      <subfield code="a">ca. 13./14. Jh.</subfield>
      <subfield code="4">datl</subfield>
      <subfield code="4">https://d-nb.info/standards/elementset/gnd#associatedDate</subfield>
      <subfield code="w">r</subfield>
      <subfield code="i">Lebensdaten</subfield>
      <subfield code="9">v:nach Jüd. Lex. ca. 1220-1280</subfield>
    </datafield>
    <datafield tag="550" ind1=" " ind2=" ">
      <subfield code="0">(DE-101)041767519</subfield>
      <subfield code="0">(DE-588)4176751-2</subfield>
      <subfield code="0">https://d-nb.info/gnd/4176751-2</subfield>
      <subfield code="a">Rabbiner</subfield>
      <subfield code="4">berc</subfield>
      <subfield code="4">https://d-nb.info/standards/elementset/gnd#professionOrOccupation</subfield>
      <subfield code="w">r</subfield>
      <subfield code="i">Charakteristischer Beruf</subfield>
    </datafield>
    <datafield tag="550" ind1=" " ind2=" ">
      <subfield code="0">(DE-101)042935938</subfield>
      <subfield code="0">(DE-588)4293593-3</subfield>
      <subfield code="0">https://d-nb.info/gnd/4293593-3</subfield>
      <subfield code="a">Talmudist</subfield>
      <subfield code="4">beru</subfield>
      <subfield code="4">https://d-nb.info/standards/elementset/gnd#professionOrOccupation</subfield>
      <subfield code="w">r</subfield>
      <subfield code="i">Beruf</subfield>
    </datafield>
    <datafield tag="550" ind1=" " ind2=" ">
      <subfield code="a">Bibelkommentator</subfield>
      <subfield code="4">beru</subfield>
      <subfield code="4">https://d-nb.info/standards/elementset/gnd#professionOrOccupation</subfield>
      <subfield code="w">r</subfield>
      <subfield code="i">Beruf</subfield>
    </datafield>
    <datafield tag="550" ind1=" " ind2=" ">
      <subfield code="a">Dezisor</subfield>
      <subfield code="4">beru</subfield>
      <subfield code="4">https://d-nb.info/standards/elementset/gnd#professionOrOccupation</subfield>
      <subfield code="w">r</subfield>
      <subfield code="i">Beruf</subfield>
    </datafield>
    <datafield tag="551" ind1=" " ind2=" ">
      <subfield code="0">(DE-101)041196848</subfield>
      <subfield code="0">(DE-588)4119684-3</subfield>
      <subfield code="0">https://d-nb.info/gnd/4119684-3</subfield>
      <subfield code="a">Trani</subfield>
      <subfield code="4">ortw</subfield>
      <subfield code="4">https://d-nb.info/standards/elementset/gnd#placeOfActivity</subfield>
      <subfield code="w">r</subfield>
      <subfield code="i">Wirkungsort</subfield>
    </datafield>
    <datafield tag="667" ind1=" " ind2=" ">
      <subfield code="a">12-PMA:Suppl.</subfield>
    </datafield>
    <datafield tag="667" ind1=" " ind2=" ">
      <subfield code="a">Red. SSG</subfield>
    </datafield>
    <datafield tag="667" ind1=" " ind2=" ">
      <subfield code="a">VD-17</subfield>
    </datafield>
    <datafield tag="670" ind1=" " ind2=" ">
      <subfield code="a">Enc. Judaica (2007)</subfield>
    </datafield>
    <datafield tag="670" ind1=" " ind2=" ">
      <subfield code="a">Wikipedia</subfield>
      <subfield code="u">https://en.wikipedia.org/wiki/Isaiah_di_Trani_the_Younger</subfield>
    </datafield>
    <datafield tag="700" ind1="0" ind2="7">
      <subfield code="a">Isaiah ben Elijah</subfield>
      <subfield code="c">di Trani</subfield>
      <subfield code="d">ca. 13./14. Jh.</subfield>
      <subfield code="0">://lccn.loc.gov/n83123061</subfield>
      <subfield code="2">naf</subfield>
    </datafield>
    <datafield tag="700" ind1="1" ind2="4">
      <subfield code="9">U:Hebr</subfield>
      <subfield code="a">טרני, ישעיה בן אליהו די</subfield>
      <subfield code="d">ca. 13./14. Jh.</subfield>
      <subfield code="9">v:Original</subfield>
    </datafield>
    <datafield tag="913" ind1=" " ind2=" ">
      <subfield code="S">pnd</subfield>
      <subfield code="i">5</subfield>
      <subfield code="a">Yešaʿyā &lt;di Ṭranî, der Jüngere&gt;</subfield>
      <subfield code="0">(DE-588a)102540489</subfield>
    </datafield>
  </record>
